@misc{
    dora,
    title = {{Dora Mar - kratka biografija}},
    note = {\url{https://en.wikipedia.org/wiki/Dora_Maar}}
}
@misc{
    bull,
    title = {{Pablo Piцассо - Animals in art}},
    note = {\url{http://www.artyfactory.com/art_appreciation/animals_in_art/pablo_picasso.htm}}
}
@misc{
    pixel,
    title = {{Pikselizacija}},
    note = {\url{https://petapixel.com/2011/06/23/how-much-pixelation-is-needed-before-a-photo-becomes-transformed/}}
}
@book{
    pcusot,
    title={{Méthodes itératives de construction et d’approximation de points
fixes d’opérateurs monotones sur un treillis, analyse sémantique de programmes}},
    author = {P. Cousot},
    publisher = {Thèse d’État ès sciences mathématiques, Université scientifique
et médicale de Grenoble},
    year = {1978},
    address = {Grenoble}
    }
@article{
  prcousot,
  author = {P. Cousot and R. Cousot},
  journal = {ACM Press},
  pages = {238--252},
  posted-at = {In 4th POPL},
  title = {{Abstract interpretation: a unified lattice model for
static analysis of programs by construction or approximation of fixpoints}},
  year = {1977}
}
@article{
    pcousot1,
    author = {P. Cousot},
    pages = {131--151},
    title = {{Abstract Interpretation Based Formal Methods
and Future Challenges}},
    year = {2000}
}
@misc{
  pcousot2,
  title = {{A Tutorial on Abstract Interpretation}},
  note = {on-line at: \url{https://homepage.cs.uiowa.edu/~tinelli/classes/seminar/Cousot--A%20Tutorial%20on%20AI.pdf}},
  author = {Patrick Cousot},
  year = {2005}
}
@misc{
  pcousot3,
  title = {{A casual introduction to Abstract Interpretation}},
  note = {on-line at: \url{https://cs.nyu.edu/~pcousot/SBFM2012/slides/PCousot-SBFM-2012-4-1.pdf}},
  author = {Patrick Cousot},
  year = {2012}
}
@misc{
  mvj,
  title = {{Apstraktna Interpretacija - materijali sa kursa Verifikacija softvera \url{http://www.programskijezici.matf.bg.ac.rs/vs/predavanja/08_abstraktna_interpretacija/apstraktna_interpretacija_slajdovi.pdf}}},
  author = {Milena Vujošević Janičić},
  year = {2018}
}
